<record><leader>00000cas a22000007a 4500</leader><controlfield tag="001">10014121</controlfield><controlfield tag="008">831014c19139999msuwr ne      0   a0eng d</controlfield><datafield ind1=" " ind2=" " tag="010"><subfield code="a">sn 83004725 </subfield></datafield><datafield ind1=" " ind2=" " tag="040"><subfield code="a">NSD</subfield><subfield code="b">eng</subfield><subfield code="c">NSD</subfield><subfield code="d">MSJ</subfield><subfield code="d">OCL</subfield><subfield code="d">OCLCQ</subfield></datafield><datafield ind1=" " ind2=" " tag="012"><subfield code="m">1</subfield></datafield><datafield ind1="1" ind2=" " tag="022"><subfield code="a">0746-3901</subfield><subfield code="l">0746-3901</subfield><subfield code="2">1</subfield></datafield><datafield ind1=" " ind2=" " tag="032"><subfield code="a">631100</subfield><subfield code="b">USPS</subfield></datafield><datafield ind1=" " ind2=" " tag="037"><subfield code="b">Houston, Newspapers, Inc., 219 North Jackson St., Houston MS 38851</subfield></datafield><datafield ind1=" " ind2=" " tag="042"><subfield code="a">nsdp</subfield></datafield><datafield ind1=" " ind2="0" tag="222"><subfield code="a">Times-post</subfield></datafield><datafield ind1="0" ind2="0" tag="245"><subfield code="a">Times-post.</subfield></datafield><datafield ind1=" " ind2=" " tag="260"><subfield code="a">Houston, Miss. :</subfield><subfield code="b">G.W. Williams</subfield></datafield><datafield ind1=" " ind2=" " tag="310"><subfield code="a">Weekly</subfield></datafield><datafield ind1="1" ind2=" " tag="362"><subfield code="a">Began with Jan. 9, 1913 issue.</subfield></datafield><datafield ind1=" " ind2=" " tag="588"><subfield code="a">Description based on: Vol. 10, no. 11 (Mar. 12, 1915).</subfield></datafield><datafield ind1=" " ind2=" " tag="752"><subfield code="a">United States.</subfield><subfield code="b">Mississippi</subfield><subfield code="c">Chickasaw</subfield><subfield code="d">Houston.</subfield></datafield><datafield ind1="0" ind2="4" tag="780"><subfield code="t">Houston post (Houston, Miss. : 1909)</subfield></datafield><datafield ind1="0" ind2="4" tag="780"><subfield code="t">Chickasaw County times (Houston, Miss.)</subfield></datafield><datafield ind1=" " ind2=" " tag="936"><subfield code="a">Sept. 21, 1983</subfield></datafield></record>